@book{bakhvalov2020performance,
  title={Performance Analysis and Tuning of Modern CPUs},
  author={Bakhvalov, Denis},
  year={2020},
  publisher={D. Bakhvalov}
}

@article{tonellotto2018efficient,
  title={Efficient query processing for scalable web search},
  author={Tonellotto, Nicola and Macdonald, Craig and Ounis, Iadh and others},
  journal={Foundations and Trends{\textregistered} in Information Retrieval},
  volume={12},
  number={4-5},
  pages={319--500},
  year={2018},
  publisher={Now Publishers, Inc.}
}

@book{schutze2008introduction,
  title={Introduction to information retrieval},
  author={Sch{\"u}tze, Hinrich and Manning, Christopher D and Raghavan, Prabhakar},
  volume={39},
  year={2008},
  publisher={Cambridge University Press Cambridge}
}

@article{pibiri2020techniques,
  title={Techniques for inverted index compression},
  author={Pibiri, Giulio Ermanno and Venturini, Rossano},
  journal={ACM Computing Surveys (CSUR)},
  volume={53},
  number={6},
  pages={1--36},
  year={2020},
  publisher={ACM New York, NY, USA}
}
